@article{yang2019federated,
	title={Federated machine learning: Concept and applications},
	author={Yang, Qiang and Liu, Yang and Chen, Tianjian and Tong, Yongxin},
	journal={ACM Transactions on Intelligent Systems and Technology (TIST)},
	volume={10},
	number={2},
	pages={1--19},
	year={2019},
	publisher={ACM New York, NY, USA}
}

@article{DBLP:journals/corr/KonecnyMRR16,
	author    = {Jakub Konecn{\'{y}} and
	H. Brendan McMahan and
	Daniel Ramage and
	Peter Richt{\'{a}}rik},
	title     = {Federated Optimization: Distributed Machine Learning for On-Device
	Intelligence},
	journal   = {CoRR},
	volume    = {abs/1610.02527},
	year      = {2016},
	url       = {http://arxiv.org/abs/1610.02527},
	archivePrefix = {arXiv},
	eprint    = {1610.02527},
	timestamp = {Mon, 13 Aug 2018 16:47:01 +0200},
	biburl    = {https://dblp.org/rec/journals/corr/KonecnyMRR16.bib},
	bibsource = {dblp computer science bibliography, https://dblp.org}
}

@article{DBLP:journals/corr/KonecnyMYRSB16,
	author    = {Jakub Konecn{\'{y}} and
	H. Brendan McMahan and
	Felix X. Yu and
	Peter Richt{\'{a}}rik and
	Ananda Theertha Suresh and
	Dave Bacon},
	title     = {Federated Learning: Strategies for Improving Communication Efficiency},
	journal   = {CoRR},
	volume    = {abs/1610.05492},
	year      = {2016},
	url       = {http://arxiv.org/abs/1610.05492},
	archivePrefix = {arXiv},
	eprint    = {1610.05492},
	timestamp = {Mon, 13 Aug 2018 16:48:21 +0200},
	biburl    = {https://dblp.org/rec/journals/corr/KonecnyMYRSB16.bib},
	bibsource = {dblp computer science bibliography, https://dblp.org}
}

@article{mcmahan2016federated,
	title={Federated learning of deep networks using model averaging. CoRR abs/1602.05629 (2016)},
	author={McMahan, H Brendan and Moore, Eider and Ramage, Daniel and y Arcas, Blaise Ag{\"u}era},
	journal={arXiv preprint arXiv:1602.05629},
	year={2016}
}

@article{salimans2017evolution,
  title={Evolution strategies as a scalable alternative to reinforcement learning},
  author={Salimans, Tim and Ho, Jonathan and Chen, Xi and Sidor, Szymon and Sutskever, Ilya},
  journal={arXiv preprint arXiv:1703.03864},
  year={2017}
}

@article{williams1992simple,
	title={Simple statistical gradient-following algorithms for connectionist reinforcement learning},
	author={Williams, Ronald J},
	journal={Machine learning},
	volume={8},
	number={3-4},
	pages={229--256},
	year={1992},
	publisher={Springer}
}

@article{DBLP:journals/corr/QinL13,
	author    = {Tao Qin and
	Tie{-}Yan Liu},
	title     = {Introducing {LETOR} 4.0 Datasets},
	journal   = {CoRR},
	volume    = {abs/1306.2597},
	year      = {2013},
	url       = {http://arxiv.org/abs/1306.2597},
	archivePrefix = {arXiv},
	eprint    = {1306.2597},
	timestamp = {Mon, 13 Aug 2018 16:48:46 +0200},
	biburl    = {https://dblp.org/rec/journals/corr/QinL13.bib},
	bibsource = {dblp computer science bibliography, https://dblp.org}
}

@inproceedings{DBLP:journals/jmlr/ChapelleC11,
	author    = {Olivier Chapelle and
	Yi Chang},
	editor    = {Olivier Chapelle and
	Yi Chang and
	Tie{-}Yan Liu},
	title     = {Yahoo! Learning to Rank Challenge Overview},
	booktitle = {Proceedings of the Yahoo! Learning to Rank Challenge, held at {ICML}
	2010, Haifa, Israel, June 25, 2010},
	series    = {{JMLR} Proceedings},
	volume    = {14},
	pages     = {1--24},
	publisher = {JMLR.org},
	year      = {2011},
	url       = {http://proceedings.mlr.press/v14/chapelle11a.html},
	timestamp = {Thu, 13 Aug 2020 18:13:40 +0200},
	biburl    = {https://dblp.org/rec/journals/jmlr/ChapelleC11.bib},
	bibsource = {dblp computer science bibliography, https://dblp.org}
}
